@article{small1,
author = {van Dam, Wim},
title = {Implausible Consequences of Superstrong Nonlocality},
year = 2005,
journal = {Natural Computing},
}

@article{small2,
author = {Brassard, Gilles and Buhrman, Harry and Linden, Noah and Méthot, André Allan and Tapp, Alain and Unger, Falk},
title = {Limit on Nonlocality in Any World in Which Communication Complexity Is Not Trivial},
journal = {Physical Review Letters},
year = 2006,
}

@booklet{big2,
author = {Arora, Sanjeev},
title = {Seminar in Algorithms and Complexity},
howpublished = {http://www.cs.princeton.edu/courses/archive/spr05/cos598B/},
}
