@book{small1,
author = {Robert Sedgewick, Philippe Flajolet},
title = {An Introduction to the Analysis of Algorithms},
year = 1996,
}

@book{small2,
author = {Philippe Flajolet, Robert Sedgewick},
title = {Analytic Combinatorics},
year = 2009,
}

@book{small3,
author = {Herbert S. Wilf},
title = {Generating Functionology},
year = 1992,
}